@article{markram2011introducing,
  title={Introducing the human brain project},
  author={Markram, Henry and Meier, Karlheinz and Lippert, Thomas and Grillner, Sten and Frackowiak, Richard and Dehaene, Stanislas and Knoll, Alois and Sompolinsky, Haim and Verstreken, Kris and DeFelipe, Javier and others},
  journal={Procedia Computer Science},
  volume={7},
  pages={39--42},
  year={2011},
  publisher={Elsevier}
}

@inproceedings{silvano2016antarex,
  title={The ANTAREX approach to autotuning and adaptivity for energy efficient HPC systems},
  author={Silvano, Cristina and Agosta, Giovanni and Cherubin, Stefano and Gadioli, Davide and Palermo, Gianluca and Bartolini, Andrea and Benini, Luca and Martinovi{\v{c}}, Jan and Palkovi{\v{c}}, Martin and Slaninov{\'a}, Kate{\v{r}}ina and others},
  booktitle={Proceedings of the ACM International Conference on Computing Frontiers},
  pages={288--293},
  year={2016},
  organization={ACM}
}

@article{koomey2011implications,
  title={Implications of historical trends in the electrical efficiency of computing},
  author={Koomey, Jonathan and Berard, Stephen and Sanchez, Marla and Wong, Henry},
  journal={IEEE Annals of the History of Computing},
  volume={33},
  number={3},
  pages={46--54},
  year={2011},
  publisher={IEEE}
}

@online{site:topGreen500,
title = {TOP500 Green Supercomputers},
date = {2017},
url = {https://www.top500.org/green500/}
}

@article{bergman2008exascale,
  title={Exascale computing study: Technology challenges in achieving exascale systems},
  author={Bergman, Keren and Borkar, Shekhar and Campbell, Dan and Carlson, William and Dally, William and Denneau, Monty and Franzon, Paul and Harrod, William and Hill, Kerry and Hiller, Jon and others},
  journal={Defense Advanced Research Projects Agency Information Processing Techniques Office (DARPA IPTO), Tech. Rep},
  volume={15},
  year={2008}
}

@inproceedings{subramaniam2013trends,
  title={Trends in energy-efficient computing: A perspective from the Green500},
  author={Subramaniam, Balaji and Saunders, Winston and Scogland, Tom and Feng, Wu-chun},
  booktitle={Green Computing Conference (IGCC), 2013 International},
  pages={1--8},
  year={2013},
  organization={IEEE}
}

@article{mittal2016survey,
  title={A survey of techniques for approximate computing},
  author={Mittal, Sparsh},
  journal={ACM Computing Surveys (CSUR)},
  volume={48},
  number={4},
  pages={62},
  year={2016},
  publisher={ACM}
}

@article{mittal2014power,
  title={Power management techniques for data centers: A survey},
  author={Mittal, Sparsh},
  journal={arXiv preprint arXiv:1404.6681},
  year={2014}
}

@article{gantz2011extracting,
  title={Extracting value from chaos},
  author={Gantz, John and Reinsel, David},
  journal={IDC iview},
  volume={1142},
  number={2011},
  pages={1--12},
  year={2011}
}

@online{site:NRDC2015,
title = {America's Data Centers Consuming and Wasting Growing Amounts of Energy},
date = {2015},
url = {https://www.nrdc.org/resources/americas-data-centers-consuming-and-wasting-growing-amounts-energy}
}

@inproceedings{cardoso2012lara,
  title={LARA: an aspect-oriented programming language for embedded systems},
  author={Cardoso, Jo{\~a}o MP and Carvalho, Tiago and Coutinho, Jos{\'e} GF and Luk, Wayne and Nobre, Ricardo and Diniz, Pedro and Petrov, Zlatko},
  booktitle={Proceedings of the 11th annual international conference on Aspect-oriented Software Development},
  pages={179--190},
  year={2012},
  organization={ACM}
}

@article{cardoso2014performance,
  title={Performance-driven instrumentation and mapping strategies using the LARA aspect-oriented programming approach},
  author={Cardoso, Jo{\~a}o MP and Coutinho, Jos{\'e} GF and Carvalho, Tiago and Diniz, Pedro C and Petrov, Zlatko and Luk, Wayne and Gon{\c{c}}alves, Fernando},
  journal={Software: Practice and Experience},
  year={2014},
  publisher={Wiley Online Library}
}

@article{palermo2009respir,
  title={ReSPIR: a response surface-based Pareto iterative refinement for application-specific design space exploration},
  author={Palermo, Gianluca and Silvano, Cristina and Zaccaria, Vittorio},
  journal={IEEE Transactions on Com\-put\-er-Aided Design of Integrated Circuits and Systems},
  volume={28},
  number={12},
  pages={1816--1829},
  year={2009},
  publisher={IEEE}
}

@inproceedings{silvano2011multicube,
  title={Multicube: Multi-objective design space exploration of multi-core architectures},
  author={Silvano, Cristina and Fornaciari, William and Palermo, Gianluca and Zaccaria, Vittorio and Castro, Fabrizio and Martinez, Marcos and Bocchio, Sara and Zafalon, Roberto and Avasare, Prabhat and Vanmeerbeeck, Geert and others},
  booktitle={VLSI 2010 Annual Symposium},
  pages={47--63},
  year={2011},
  organization={Springer}
}

@article{zuluaga2016e,
  title={$\epsilon$-PAL: An Active Learning Approach to the Multi-Objective Optimization Problem},
  author={Zuluaga, Marcela and Krause, Andreas and P{\"u}schel, Markus},
  journal={Journal of Machine Learning Research},
  volume={17},
  pages={1--32},
  year={2016}
}

@article{banks2014mqtt,
  title={MQTT Version 3.1.1},
  author={Banks, Andrew and Gupta, Rahul},
  journal={OASIS standard},
  year={2014}
}

@misc{spark2015apache,
  title={Apache Spark: Lightning-fast cluster computing},
  author={Spark, Apache},
  year={2015}
}

@article{caramia2008multi,
  title={Multi-objective optimization},
  author={Caramia, Massimiliano and Dell{\'{}} Olmo, Paolo},
  journal={Multi-objective Management in Freight Logistics: Increasing Capacity, Service Level and Safety with Optimization Algorithms},
  pages={11--36},
  year={2008},
  publisher={Springer}
}

@article{khuri2010response,
  title={Response surface methodology},
  author={Khuri, Andr{\'e} I and Mukhopadhyay, Siuli},
  journal={Wiley Interdisciplinary Reviews: Computational Statistics},
  volume={2},
  number={2},
  pages={128--149},
  year={2010},
  publisher={Wiley Online Library}
}

@inbook{natrella2013nist,
  title={e-handbook of statistical methods},
  author={Natrella, Mary},
  year={2013},
  publisher={NIST/SEMATECH},
  chapter={5.3, Choosing an experimental design},
  url={http://www.itl.nist.gov/div898/handbook/pri/section3/pri3.htm}
}

@inproceedings{ansel2012siblingrivalry,
  title={Siblingrivalry: online autotuning through local competitions},
  author={Ansel, Jason and Pacula, Maciej and Wong, Yee Lok and Chan, Cy and Olszewski, Marek and O'Reilly, Una-May and Amarasinghe, Saman},
  booktitle={Proceedings of the 2012 international conference on Compilers, architectures and synthesis for embedded systems},
  pages={91--100},
  year={2012},
  organization={ACM}
}

@inproceedings{ansel2014opentuner,
  title={Opentuner: An extensible framework for program autotuning},
  author={Ansel, Jason and Kamil, Shoaib and Veeramachaneni, Kalyan and Ragan-Kelley, Jonathan and Bosboom, Jeffrey and O'Reilly, Una-May and Amarasinghe, Saman},
  booktitle={Proceedings of the 23rd international conference on Parallel architectures and compilation},
  pages={\\303--316},
  year={2014},
  organization={ACM}
}

@inproceedings{gadioli2015application,
  title={Application autotuning to support runtime adaptivity in multicore architectures},
  author={Gadioli, Davide and Palermo, Gianluca and Silvano, Cristina},
  booktitle={Embedded Computer Systems: Architectures, Modeling, and Simulation (SAMOS), 2015 International Conference on},
  pages={173--180},
  year={2015},
  organization={IEEE}
}

@article{sui2016proactive,
  title={Proactive control of approximate programs},
  author={Sui, Xin and Lenharth, Andrew and Fussell, Donald S and Pingali, Keshav},
  journal={ACM SIGOPS Operating Systems Review},
  volume={50},
  number={2},
  pages={607--621},
  year={2016},
  publisher={ACM}
}

@book{coello2007evolutionary,
  title={Evolutionary algorithms for solving multi-objective problems},
  author={Coello, Carlos A Coello and Lamont, Gary B and Van Veldhuizen, David A and others},
  volume={5},
  year={2007},
  publisher={Springer}
}

@article{kephart2003vision,
  title={The vision of autonomic computing},
  author={Kephart, Jeffrey O and Chess, David M},
  journal={Computer},
  volume={36},
  number={1},
  pages={41--50},
  year={2003},
  publisher={IEEE}
}

@inproceedings{bellasi2012rtrm,
  title={A RTRM proposal for multi/many-core platforms and reconfigurable applications},
  author={Bellasi, Patrick and Massari, Giuseppe and Fornaciari, William},
  booktitle={Reconfigurable Communication-centric Systems-on-Chip (ReCoSoC), 2012 7th International Workshop on},
  pages={1--8},
  year={2012},
  organization={IEEE}
}

@inproceedings{tiwari2009scalable,
  title={A scalable auto-tuning framework for compiler optimization},
  author={Tiwari, Ananta and Chen, Chun and Chame, Jacqueline and Hall, Mary and Hollingsworth, Jeffrey K},
  booktitle={Parallel \& Distributed Processing, 2009. IPDPS 2009. IEEE International Symposium on},
  pages={1--12},
  year={2009},
  organization={IEEE}
}

@inproceedings{chung2004using,
  title={Using information from prior runs to improve automated tuning systems},
  author={Chung, I-Hsin and Hollingsworth, Jeffrey K and others},
  booktitle={Proceedings of the 2004 ACM/IEEE conference on Supercomputing},
  pages={30},
  year={2004},
  organization={IEEE Computer Society}
}

@techreport{chen2008chill,
  title={CHiLL: A framework for composing high-level loop transformations},
  author={Chen, Chun and Chame, Jacqueline and Hall, Mary},
  year={2008},
  institution={Citeseer}
}

@inproceedings{baek2010green,
  title={Green: a framework for supporting energy-conscious programming using controlled approximation},
  author={Baek, Woongki and Chilimbi, Trishul M},
  booktitle={ACM Sigplan Notices},
  volume={45},
  number={6},
  pages={198--209},
  year={2010},
  organization={ACM}
}

@inproceedings{hoffmann2011dynamic,
  title={Dynamic knobs for responsive power-aware computing},
  author={Hoffmann, Henry and Sidiroglou, Stelios and Carbin, Michael and Misailovic, Sasa and Agarwal, Anant and Rinard, Martin},
  booktitle={ACM SIGPLAN Notices},
  volume={46},
  number={3},
  pages={199--212},
  year={2011},
  organization={ACM}
}

@article{schaefer2009atune,
  title={Atune-IL: An instrumentation language for auto-tuning parallel applications},
  author={Schaefer, Christoph and Pankratius, Victor and Tichy, Walter},
  journal={Euro-Par 2009 Parallel Processing},
  pages={9--20},
  year={2009},
  publisher={Springer}
}

@book{ansel2009petabricks,
  title={PetaBricks: a language and compiler for algorithmic choice},
  author={Ansel, Jason and Chan, Cy and Wong, Yee Lok and Olszewski, Marek and Zhao, Qin and Edelman, Alan and Amarasinghe, Saman},
  volume={44},
  number={6},
  year={2009},
  publisher={ACM}
}

@inproceedings{whaley1998automatically,
  title={Automatically tuned linear algebra software},
  author={Whaley, R Clint and Dongarra, Jack J},
  booktitle={Proceedings of the 1998 ACM/IEEE conference on Supercomputing},
  pages={1--27},
  year={1998},
  organization={IEEE Computer Society}
}

@inproceedings{vuduc2005oski,
  title={OSKI: A library of automatically tuned sparse matrix kernels},
  author={Vuduc, Richard and Demmel, James W and Yelick, Katherine A},
  booktitle={Journal of Physics: Conference Series},
  volume={16},
  number={1},
  pages={521},
  year={2005},
  organization={IOP Publishing}
}

@article{puschel2004spiral,
  title={Spiral: A generator for platform-adapted libraries of signal processing alogorithms},
  author={P{\"u}schel, Markus and Moura, Jos{\'e} MF and Singer, Bryan and Xiong, Jianxin and Johnson, Jeremy and Padua, David and Veloso, Manuela and Johnson, Robert W},
  journal={The International Journal of High Performance Computing Applications},
  volume={18},
  number={1},
  pages={21--45},
  year={2004},
  publisher={Sage Publications}
}

@inproceedings{esmaeilzadeh2011dark,
  title={Dark silicon and the end of multicore scaling},
  author={Esmaeilzadeh, Hadi and Blem, Emily and St Amant, Renee and Sankaralingam, Karthikeyan and Burger, Doug},
  booktitle={ACM SIGARCH Computer Architecture News},
  volume={39},
  number={3},
  pages={365--376},
  year={2011},
  organization={ACM}
}

@article{dennard1974design,
  title={Design of ion-implanted MOSFET's with very small physical dimensions},
  author={Dennard, Robert H and Gaensslen, Fritz H and Rideout, V Leo and Bassous, Ernest and LeBlanc, Andre R},
  journal={IEEE Journal of Solid-State Circuits},
  volume={9},
  number={5},
  pages={256--268},
  year={1974},
  publisher={IEEE}
}

@article{moore1998cramming,
  title={Cramming more components onto integrated circuits},
  author={Moore, Gordon E and others},
  journal={Proceedings of the IEEE},
  volume={86},
  number={1},
  pages={82--85},
  year={1998}
}

@article{barney2012introduction,
  title={Introduction to Parallel Computing. Lawrence Livermore National Laboratory},
  author={Barney, Blaise},
  journal={Available on https://computing.\\llnl.gov/ tutorials/parallel\_comp},
  year={2012}
}

@misc{zhang2011building,
  title={Building facebook messenger},
  author={Zhang, Lucy},
  year={2011}
}

@online{site:hivemq,
title = {HiveMQ - Enterprise MQTT Broker},
date = {2017},
url = {http://www.hivemq.com/}
}

@article{o2014paho,
  title={Paho - Open source messaging for M2M},
  author={O'Leary, N},
  journal={Eclipse Paho’s MQTT},
  year={2014}
}

@article{light2013mosquitto,
  title={Mosquitto - An open source MQTT v3.1 and 3.1.1 broker},
  author={Light, R},
  journal={http://mosquitto.org},
  year={2013}
}

@online{site:caltechML2012,
title = {Learning from Data - Machine Learning course taught by Caltech Professor Yaser Abu-Mostafa},
date = {2012},
url = {http://work.caltech.edu/telecourse.html}
}

@inproceedings{bienia2008parsec,
  title={The PARSEC benchmark suite: Characterization and architectural implications},
  author={Bienia, Christian and Kumar, Sanjeev and Singh, Jaswinder Pal and Li, Kai},
  booktitle={Proceedings of the 17th international conference on Parallel architectures and compilation techniques},
  pages={72--81},
  year={2008},
  organization={ACM}
}

@article{computing2006architectural,
  title={An architectural blueprint for autonomic computing},
  author={Computing, Autonomic and others},
  journal={IBM White Paper},
  volume={31},
  year={2006}
}
